[gd_scene load_steps=11 format=2]

[ext_resource path="res://PixelMob/Sprite/SlimeP.png" type="Texture" id=1]
[ext_resource path="res://PixelMob/TestRandom.gd" type="Script" id=2]
[ext_resource path="res://PixelMob/Mob/Slime.tscn" type="PackedScene" id=3]
[ext_resource path="res://PixelMob/Sprite/SlimeC.png" type="Texture" id=4]
[ext_resource path="res://PixelMob/Sprite/SlimeA.png" type="Texture" id=5]
[ext_resource path="res://PixelMob/Mob/SlimeSmaller.tscn" type="PackedScene" id=6]
[ext_resource path="res://PixelMob/Mob/SlimeSmall.tscn" type="PackedScene" id=7]
[ext_resource path="res://PixelMob/Mob/SlimeSquareSmall.tscn" type="PackedScene" id=8]
[ext_resource path="res://PixelMob/Mob/SlimeSquareSmaller.tscn" type="PackedScene" id=9]
[ext_resource path="res://PixelMob/Mob/SlimeSquare.tscn" type="PackedScene" id=10]

[node name="TestAll" type="Control"]
anchor_right = 1.0
anchor_bottom = 1.0

[node name="Grid" type="GridContainer" parent="."]
anchor_right = 1.0
anchor_bottom = 1.0
columns = 5

[node name="SquareSmaller" type="Control" parent="Grid"]
margin_right = 201.0
margin_bottom = 298.0
size_flags_horizontal = 3
size_flags_vertical = 3
script = ExtResource( 2 )

[node name="Mob" parent="Grid/SquareSmaller" instance=ExtResource( 9 )]
position = Vector2( 62, 119 )
scale = Vector2( 10, 10 )

[node name="Button" type="Button" parent="Grid/SquareSmaller"]
modulate = Color( 1, 1, 1, 0 )
anchor_right = 1.0
anchor_bottom = 1.0

[node name="SquareSmall" type="Control" parent="Grid"]
margin_left = 205.0
margin_right = 406.0
margin_bottom = 298.0
size_flags_horizontal = 3
size_flags_vertical = 3
script = ExtResource( 2 )

[node name="Mob" parent="Grid/SquareSmall" instance=ExtResource( 8 )]
position = Vector2( 62, 119 )
scale = Vector2( 10, 10 )

[node name="Button" type="Button" parent="Grid/SquareSmall"]
modulate = Color( 1, 1, 1, 0 )
anchor_right = 1.0
anchor_bottom = 1.0

[node name="Square" type="Control" parent="Grid"]
margin_left = 410.0
margin_right = 611.0
margin_bottom = 298.0
size_flags_horizontal = 3
size_flags_vertical = 3
script = ExtResource( 2 )

[node name="Mob" parent="Grid/Square" instance=ExtResource( 10 )]
position = Vector2( 62, 119 )
scale = Vector2( 10, 10 )

[node name="Button" type="Button" parent="Grid/Square"]
modulate = Color( 1, 1, 1, 0 )
anchor_right = 1.0
anchor_bottom = 1.0

[node name="Smaller" type="Control" parent="Grid"]
margin_left = 615.0
margin_right = 816.0
margin_bottom = 298.0
size_flags_horizontal = 3
size_flags_vertical = 3
script = ExtResource( 2 )

[node name="Mob" parent="Grid/Smaller" instance=ExtResource( 6 )]
position = Vector2( 62, 119 )
scale = Vector2( 10, 10 )

[node name="Button" type="Button" parent="Grid/Smaller"]
modulate = Color( 1, 1, 1, 0 )
anchor_right = 1.0
anchor_bottom = 1.0

[node name="Small" type="Control" parent="Grid"]
margin_left = 820.0
margin_right = 1021.0
margin_bottom = 298.0
size_flags_horizontal = 3
size_flags_vertical = 3
script = ExtResource( 2 )

[node name="Mob" parent="Grid/Small" instance=ExtResource( 7 )]
position = Vector2( 62, 119 )
scale = Vector2( 10, 10 )

[node name="Button" type="Button" parent="Grid/Small"]
modulate = Color( 1, 1, 1, 0 )
anchor_right = 1.0
anchor_bottom = 1.0

[node name="A" type="Control" parent="Grid"]
margin_top = 302.0
margin_right = 201.0
margin_bottom = 600.0
size_flags_horizontal = 3
size_flags_vertical = 3
script = ExtResource( 2 )

[node name="Mob" parent="Grid/A" instance=ExtResource( 3 )]
position = Vector2( 62, 119 )
scale = Vector2( 10, 10 )
texture = ExtResource( 5 )

[node name="Button" type="Button" parent="Grid/A"]
modulate = Color( 1, 1, 1, 0 )
anchor_right = 1.0
anchor_bottom = 1.0

[node name="B" type="Control" parent="Grid"]
margin_left = 205.0
margin_top = 302.0
margin_right = 406.0
margin_bottom = 600.0
size_flags_horizontal = 3
size_flags_vertical = 3
script = ExtResource( 2 )

[node name="Mob" parent="Grid/B" instance=ExtResource( 3 )]
position = Vector2( 62, 119 )
scale = Vector2( 10, 10 )

[node name="Button" type="Button" parent="Grid/B"]
modulate = Color( 1, 1, 1, 0 )
anchor_right = 1.0
anchor_bottom = 1.0

[node name="C" type="Control" parent="Grid"]
margin_left = 410.0
margin_top = 302.0
margin_right = 611.0
margin_bottom = 600.0
size_flags_horizontal = 3
size_flags_vertical = 3
script = ExtResource( 2 )

[node name="Mob" parent="Grid/C" instance=ExtResource( 3 )]
position = Vector2( 62, 119 )
scale = Vector2( 10, 10 )
texture = ExtResource( 4 )

[node name="Button" type="Button" parent="Grid/C"]
modulate = Color( 1, 1, 1, 0 )
anchor_right = 1.0
anchor_bottom = 1.0

[node name="P" type="Control" parent="Grid"]
margin_left = 615.0
margin_top = 302.0
margin_right = 816.0
margin_bottom = 600.0
size_flags_horizontal = 3
size_flags_vertical = 3
script = ExtResource( 2 )

[node name="Mob" parent="Grid/P" instance=ExtResource( 3 )]
position = Vector2( 62, 119 )
scale = Vector2( 10, 10 )
texture = ExtResource( 1 )

[node name="Button" type="Button" parent="Grid/P"]
modulate = Color( 1, 1, 1, 0 )
anchor_right = 1.0
anchor_bottom = 1.0
